<record><leader>00000cas a22000007a 4500</leader><controlfield tag="001">8769439</controlfield><controlfield tag="008">820913d18341837ctucr ne      0    0eng  </controlfield><controlfield tag="009">466</controlfield><datafield ind1=" " ind2=" " tag="010"><subfield code="a">sn 82014175 </subfield></datafield><datafield ind1=" " ind2=" " tag="040"><subfield code="a">DLC</subfield><subfield code="b">eng</subfield><subfield code="c">DLC</subfield><subfield code="d">NPX</subfield><subfield code="d">DLC</subfield><subfield code="d">OCL</subfield><subfield code="d">DLC</subfield><subfield code="d">CNW</subfield><subfield code="d">CRL</subfield><subfield code="d">OCL</subfield><subfield code="d">DLC</subfield><subfield code="d">OCLCO</subfield><subfield code="d">OCLCF</subfield></datafield><datafield ind1=" " ind2=" " tag="012"><subfield code="b">3</subfield></datafield><datafield ind1=" " ind2=" " tag="019"><subfield code="a">8769480</subfield></datafield><datafield ind1="1" ind2=" " tag="029"><subfield code="a">AU@</subfield><subfield code="b">000020129804</subfield></datafield><datafield ind1=" " ind2=" " tag="042"><subfield code="a">msc</subfield></datafield><datafield ind1=" " ind2=" " tag="043"><subfield code="a">n-us-ct</subfield></datafield><datafield ind1="0" ind2="0" tag="050"><subfield code="a">Newspaper Microfilm 834</subfield></datafield><datafield ind1="0" ind2="0" tag="050"><subfield code="a">Newspaper 7240</subfield></datafield><datafield ind1="0" ind2=" " tag="130"><subfield code="a">Times (Hartford, Conn. : 1834 : Semiweekly)</subfield></datafield><datafield ind1="0" ind2="4" tag="245"><subfield code="a">The times.</subfield></datafield><datafield ind1=" " ind2=" " tag="260"><subfield code="a">Hartford, Conn. :</subfield><subfield code="b">Russell &amp; Jones,</subfield><subfield code="c">1834-1837.</subfield></datafield><datafield ind1=" " ind2=" " tag="300"><subfield code="a">4 v.</subfield></datafield><datafield ind1=" " ind2=" " tag="310"><subfield code="a">Semiweekly</subfield></datafield><datafield ind1="0" ind2=" " tag="362"><subfield code="a">Vol. 2, no. 152 (Oct. 25, 1834)-v. 5, no. 476 (Nov. 29, 1837).</subfield></datafield><datafield ind1=" " ind2=" " tag="500"><subfield code="a">Published by: John Russell, &lt;Aug. 22, 1835-&gt;</subfield></datafield><datafield ind1=" " ind2=" " tag="530"><subfield code="a">Available on microfilm from UMI and Bell &amp; Howell Information and Learning.</subfield></datafield><datafield ind1=" " ind2=" " tag="580"><subfield code="a">Weekly ed.: Times (Hartford, Conn. : 1834 : Weekly)</subfield></datafield><datafield ind1=" " ind2="0" tag="651"><subfield code="a">Hartford (Conn.)</subfield><subfield code="v">Newspapers.</subfield></datafield><datafield ind1=" " ind2="0" tag="651"><subfield code="a">Hartford County (Conn.)</subfield><subfield code="v">Newspapers.</subfield></datafield><datafield ind1=" " ind2="7" tag="655"><subfield code="a">Newspapers.</subfield><subfield code="2">fast</subfield><subfield code="0">(OCoLC)fst01423814</subfield></datafield><datafield ind1=" " ind2="7" tag="651"><subfield code="a">Connecticut</subfield><subfield code="z">Hartford.</subfield><subfield code="2">fast</subfield><subfield code="0">(OCoLC)fst01207441</subfield></datafield><datafield ind1=" " ind2="7" tag="651"><subfield code="a">Connecticut</subfield><subfield code="z">Hartford County.</subfield><subfield code="2">fast</subfield><subfield code="0">(OCoLC)fst01211874</subfield></datafield><datafield ind1=" " ind2=" " tag="752"><subfield code="a">United States</subfield><subfield code="b">Connecticut</subfield><subfield code="c">Hartford</subfield><subfield code="d">Hartford.</subfield></datafield><datafield ind1="1" ind2=" " tag="775"><subfield code="t">Times (Hartford, Conn. : 1834 : Weekly)</subfield><subfield code="w">(DLC)sn 82014610</subfield><subfield code="w">(OCoLC)8814563</subfield></datafield><datafield ind1="0" ind2="0" tag="780"><subfield code="t">Times &amp; Hartford advertiser (Hartford, Conn. : 1825)</subfield><subfield code="w">(DLC)sn 82014449</subfield><subfield code="w">(OCoLC)8786824</subfield></datafield><datafield ind1="0" ind2="0" tag="785"><subfield code="t">Hartford times (Hartford, Conn. : 1837 : Semiweekly)</subfield><subfield code="w">(DLC)sn 87062230</subfield><subfield code="w">(OCoLC)15989346</subfield></datafield></record>